
@article{bolger_computer-assisted_2012,
    title = {{A} computer-assisted system for photographic mark–recapture analysis},
	volume = {3},
	doi = {10.1111/j.2041-210X.2012.00212.x},
	pages = {813--822},
	number = {5},
	journal = {Methods in Ecol. and Evolution},
	author = {Bolger, Douglas T. and Morrison, Thomas A. and Vance, Bennet and Lee, Derek and Farid, Hany},
    year = {2012},
    month = {Oct.},
}

@article{silvertown_new_2009,
    title = {{A} new dawn for citizen science},
	volume = {24},
	pages = {467--471},
	number = {9},
	journal = {Trends in Ecol. \& Evolution},
	author = {Silvertown, Jonathan},
    year = {2009},
    month = {Sep.},
}

@article{mukinya_identification_1976,
    title = {{An} identification method for black rhinoceros {(Diceros} bicornis {Linn.} 1758)},
	volume = {14},
	doi = {10.1111/j.1365-2028.1976.tb00246.x},
	pages = {335--338},
	number = {4},
	journal = {African J. Ecol.},
	author = {Mukinya, John G.},
    year = {1976},
    month = {Dec.},
}

@article{jachmann_comparison_2002,
    title = {{Comparison} of aerial counts with ground counts for large {African} herbivores},
	volume = {39},
	doi = {10.1046/j.1365-2664.2002.00752.x},
	pages = {841--852},
	number = {5},
	journal = {J. Appl. Ecol.},
	author = {Jachmann, H.},
    year = {2002},
    month = {Oct.},
}

@article{melville_aerial_2008,
    title = {{Aerial} surveys of multiple species: critical assumptions and sources of bias in distance and mark–recapture estimators},
	volume = {35},
	pages = {310--348},
	number = {4},
	journal = {Wildlife Res.},
	author = {Melville, G.J. and Tracey, J.P. and Fleming, P.J.S. and Lukins, B.S.},
    year = {2008},
    month = {Jun.},
}

@article{andersen_population_2015,
    title = {{A} population viability analysis on the declining population of {Little} {Owl} {(Athene} noctua) in {Denmark} using the stochastic simulation program {VORTEX}},
	volume = {92},
	pages = {123--143},
	number = {3},
	journal = {Ornis Fennica},
	author = {Andersen, Line H. and Sunde, Peter and Loeschcke, Volker and Pertoldi, Cino},
    year = {2015},
    month = {Jul.},
}

@article{tsitsiklis_distributed_1986,
    title = {{Distributed} asynchronous deterministic and stochastic gradient optimization algorithms},
	volume = {31},
	doi = {10.1109/TAC.1986.1104412},
	pages = {803--812},
	number = {9},
	journal = {{IEEE} Trans. Automat. Control},
	author = {Tsitsiklis, J.N. and Bertsekas, D.P. and Athans, M.},
    year = {1986},
    month = {Sep.},
}

@article{sikes_guidelines_2011,
    title = {{Guidelines} of the {American} {Society} of {Mammalogists} for the use of wild mammals in research},
	volume = {92},
	pages = {235--253},
	number = {1},
	journal = {J. Mammalogy},
	author = {Sikes, Robert S. and Gannon, William L.},
    year = {2011},
    month = {Feb.},
}

@article{gardner_learning_1984,
    title = {{Learning} characteristics of stochastic-gradient-descent algorithms: {A} general study, analysis, and critique},
	volume = {6},
	pages = {113--133},
	number = {2},
	journal = {Signal Process.},
	author = {Gardner, William A.},
    year = {1984},
    month = {Apr.},
}

@article{thouless_long_1995,
    title = {{Long} distance movements of elephants in northern {Kenya}},
	volume = {33},
	doi = {10.1111/j.1365-2028.1995.tb01042.x},
	pages = {321--334},
	number = {4},
	journal = {African J. Ecol.},
	author = {Thouless, C. R.},
    year = {1995},
    month = {Dec.},
}

@article{becker_mother-infant_1990,
    title = {{Mother-infant} behaviour of wild {Grevy's} zebra: adaptations for survival in semidesert {East} {Africa}},
	volume = {40},
	doi = {http://dx.doi.org/10.1016/S0003-3472(05)80177-0},
	pages = {1111 -- 1118},
	number = {6},
	journal = {Anim. Behaviour},
	author = {Becker, C. Dustin and Ginsberg, Joshua R.},
    year = {1990},
    month = {Dec.},
}

@article{jolly_problem_1983,
    title = {{The} problem of unequal catchability in mark–recapture estimation of small mammal populations},
	volume = {61},
	doi = {10.1139/z83-121},
	pages = {922--927},
	number = {4},
	journal = {Canadian J. Zoology},
	author = {Jolly, G. M. and Dickson, J. M.},
    year = {1983},
    month = {Apr.},
}

@book{jolliffe_principal_2002,
	address = {New York, {NY}},
	edition = {2},
    title = {{Principal} {Component} {Analysis}},
	series = {Springer Series in Statistics},
	pagetotal = {488},
	publisher = {Springer-Verlag},
	author = {Jolliffe, Ian},
    year = {2002},
	langid = {english},
}

@book{irwin_citizen_1995,
	address = {New York, {NY}},
    title = {{Citizen} {Science:} {A} {Study} of {People,} {Expertise} and {Sustainable} {Development}},
	series = {Environment and Society},
	publisher = {Routledge},
	author = {Irwin, Alan},
	editor = {Yearley, Steven},
    year = {1995},
    month = {Dec.},
}

@book{seber_estimation_1982,
	address = {Caldwell, {NJ}},
    title = {{The} {Estimation} of {Animal} {Abundance} and {Related} {Parameters}},
	publisher = {Blackburn},
	author = {Seber, G.A.F.},
    year = {1982},
}

@article{rumelhart_learning_1986,
    title = {{Learning} representations by back-propagating errors},
	volume = {323},
	doi = {10.1038/323533a0},
	pages = {533--536},
	number = {6088},
	journal = {Nature},
	author = {Rumelhart, David E. and Hinton, Geoffrey E. and Williams, Ronald J.},
    year = {1986},
    month = {Oct.},
}

@article{petersen_yearly_1896,
    title = {{The} yearly immigration of young plaice into the {Limfjord} from the {German} {Sea}},
	volume = {6},
	pages = {1--48},
	number = {1},
	journal = {Rep. of the Danish Biological Station},
	author = {Petersen, Carl Georg Johannes},
    year = {1896},
    month = {Jan.},
}

@article{riesenhuber_models_2000,
    title = {{Models} of object recognition},
	volume = {3},
	pages = {1199--1204},
	number = {11},
	journal = {Nature Neuroscience},
	author = {Riesenhuber, Maximilian and Poggio, Tomaso},
    year = {2000},
    month = {Nov.},
}

@article{coulson_use_2001,
    title = {{The} use and abuse of population viability analysis},
	volume = {16},
	pages = {219--221},
	number = {5},
	journal = {Trends in Ecol. \& Evolution},
	author = {Coulson, Tim and Mace, Georgina M and Hudson, Elodie and Possingham, Hugh},
    year = {2001},
    month = {May},
}

@article{alexander_african_1994,
    title = {{African} wild dogs (lycaon pictus) endangered by a canine distemper epizootic among domestic dogs near the {Masai} {Mara} {National} {Reserve,} {Kenya}},
	volume = {30},
	doi = {10.7589/0090-3558-30.4.481},
	pages = {481--485},
	number = {4},
	journal = {J. Wildlife Diseases},
	author = {Alexander, Kathleen A. and Appel, Max J. G.},
    year = {1994},
    month = {Oct.},
}

@article{boyce_population_1992,
    title = {{Population} viability analysis},
	volume = {23},
	pages = {481--506},
	number = {1},
	journal = {Annu. Rev. of Ecol. and Systematics},
	author = {Boyce, Mark S.},
    year = {1992},
    month = {Nov.},
}

@article{zero_monitoring_2013,
    title = {{Monitoring} an endangered savannah ungulate, {Grevy's} zebra {Equus} grevyi: choosing a method for estimating population densities},
	volume = {47},
	doi = {10.1017/S0030605312000324},
	pages = {410--419},
	number = {3},
	journal = {Oryx},
	author = {Zero, Victoria H. and Sundaresan, Siva R. and O'Brien, Timothy G. and Kinnaird, Margaret F.},
    year = {2013},
    month = {Jul.},
}

@article{van_der_walt_numpy_2011,
    title = {{The} {NumPy} array: {A} structure for efficient numerical computation},
	volume = {13},
	doi = {10.1109/MCSE.2011.37},
	pages = {22--30},
	number = {2},
	journal = {Comput. in Sci. Eng.},
	author = {van der Walt, S. and Colbert, S.C. and Varoquaux, G.},
    year = {2011},
    month = {Mar.},
}

@article{sinclair_density_1996,
    title = {{Density} dependence, stochasticity, compensation and predator regulation},
	volume = {75},
	doi = {10.2307/3546240},
	pages = {164--173},
	number = {2},
	journal = {Oikos},
	author = {Sinclair, A. R. E. and Pech, R. P.},
    year = {1996},
    month = {Mar.},
}

@article{robson_sample_1964,
    title = {{Sample} size in petersen mark–recapture experiments},
	volume = {93},
	doi = {10.1577/1548-8659(1964)93[215:SSIPME]2.0.CO;2},
	pages = {215--226},
	number = {3},
	journal = {Trans. of the Amer. Fisheries Soc.},
	author = {Robson, D. S. and Regier, H. A.},
    year = {1964},
    month = {Jul.},
}

@article{pradel_utilization_1996,
    title = {{Utilization} of capture-mark-recapture for the study of recruitment and population growth rate},
	volume = {52},
	pages = {703--709},
	number = {2},
	journal = {Biometrics},
	author = {Pradel, R.},
    year = {1996},
    month = {Jun.},
}

@article{pacala_population_1985,
    title = {{Population} experiments with the {Anolis} lizards of {St.} {Maarten} and {St.} {Eustatius}},
	volume = {66},
	pages = {129--141},
	number = {1},
	journal = {Ecol.},
	author = {Pacala, Stephen W. and Roughgarden, Jonathan},
    year = {1985},
    month = {Feb.},
}

@article{nickolls_scalable_2008,
    title = {{Scalable} parallel programming with {CUDA}},
	volume = {6},
	doi = {10.1145/1365490.1365500},
	pages = {40--53},
	number = {2},
	journal = {Queue},
	author = {Nickolls, John and Buck, Ian and Garland, Michael and Skadron, Kevin},
    year = {2008},
    month = {Mar.},
}

@article{lowe_distinctive_2004,
    title = {{Distinctive} image features from scale-invariant keypoints},
	volume = {60},
	doi = {10.1023/B:VISI.0000029664.99615.94},
	pages = {91--110},
	number = {2},
	journal = {Int. J. Comput. Vis.},
	author = {Lowe, David G.},
    year = {2004},
    month = {Nov.},
}

@article{keesing_impacts_1998,
    title = {{Impacts} of ungulates on the demography and diversity of small mammals in central {Kenya}},
	volume = {116},
	pages = {381--389},
	number = {3},
	journal = {Oecologia},
	author = {Keesing, Felicia},
    year = {1998},
    month = {Sep.},
}

@article{hinton_fast_2006,
    title = {{A} fast learning algorithm for deep belief nets},
	volume = {18},
	doi = {10.1162/neco.2006.18.7.1527},
	pages = {1527--1554},
	number = {7},
	journal = {Neural Computation},
	author = {Hinton, Geoffrey E. and Osindero, Simon and Teh, Yee-Whye},
    year = {2006},
    month = {Jul.},
}

@article{graham_investigating_1989,
    title = {{Investigating} observer bias in aerial survey by simultaneous double-counts},
	volume = {53},
	pages = {1009--1016},
	number = {4},
	journal = {The J. Wildlife Manage.},
	author = {Graham, Alistair and Bell, Richard},
    year = {1989},
    month = {Oct.},
}

@article{funahashi_approximate_1989,
    title = {{On} the approximate realization of continuous mappings by neural networks},
	volume = {2},
	doi = {10.1016/0893-6080(89)90003-8},
	pages = {183--192},
	number = {3},
	journal = {Neural Netw.},
	author = {Funahashi, K.},
    year = {1989},
    month = {May},
}

@article{cohn_citizen_2008,
    title = {{Citizen} science: {Can} volunteers do real research?},
	volume = {58},
	doi = {10.1641/B580303},
	pages = {192--197},
	number = {3},
	journal = {{BioScience}},
	author = {Cohn, Jeffrey P.},
    year = {2008},
    month = {Mar.},
}

@article{caughley_sampling_1977,
    title = {{Sampling} in aerial survey},
	volume = {41},
	pages = {605--615},
	number = {4},
	journal = {The J. Wildlife Manage.},
	author = {Caughley, Graeme},
    year = {1977},
    month = {Oct.},
}

@article{buckland_quantifying_1991,
    title = {{Quantifying} {Precision} of mark-recapture estimates using the bootstrap and related methods},
	volume = {47},
	pages = {255--268},
	number = {1},
	journal = {Biometrics},
	author = {Buckland, Stephen T. and Garthwaite, Paul H.},
    year = {1991},
    month = {Mar.},
}

@book{krebs_ecological_1999,
	address = {Menlo Park, {CA}},
	edition = {2},
    title = {{Ecological} {Methodology}},
	pagetotal = {620},
	publisher = {Benjamin/Cummings},
	author = {Krebs, Charles J.},
    year = {1999},
	langid = {english},
}

@article{nesterov_method_1983,
    title = {{A} method of solving a convex programming problem with convergence rate {O (1/k2)}},
	volume = {27},
	pages = {372--376},
	number = {2},
	journal = {Soviet Math.s Doklady},
	author = {Nesterov, Yurii},
    year = {1983},
    month = {Feb.},
}

@article{plackett_karl_1983,
    title = {{Karl} {Pearson} and the chi-squared test},
	volume = {51},
	pages = {59--72},
	number = {1},
	journal = {Int. Statistical Rev.},
	author = {Plackett, R. L.},
    year = {1983},
    month = {Apr.},
}

@article{rao_analysis_1981,
    title = {{The} analysis of categorical data from complex sample surveys: {Chi-squared} tests for goodness of fit and independence in two-way tables},
	volume = {76},
	pages = {221--230},
	number = {374},
	journal = {J. the Amer. Statistical Assoc.},
	author = {Rao, Jon N. K. and Scott, Alastair J.},
    year = {1981},
    month = {Jun.},
}

@article{van_der_maaten_visualizing_2008,
    title = {{Visualizing} data using t-{SNE}},
	volume = {9},
	pages = {2579--2605},
	number = {11},
	journal = {J. Mach. Learn. Res.},
	author = {van der Maaten, Laurens and Hinton, Geoffrey},
    year = {2008},
    month = {Nov.},
}

@article{white_program_1999,
    title = {{Program} {MARK}: survival estimation from populations of marked animals},
	volume = {46},
	doi = {10.1080/00063659909477239},
	pages = {120--139},
	number = {{Supplement 001}},
	journal = {Bird Study},
	author = {White, Gary C and Burnham, Kenneth P},
    year = {1999},
    month = {Jan.},
}

@article{hinton_improving_2012,
    title = {{Improving} neural networks by preventing co-adaptation of feature detectors},
	volume = {abs/1207.0580},
	pages = {1--18},
	journal = {{CoRR}},
	author = {Hinton, Geoffrey E. and Srivastava, Nitish and Krizhevsky, Alex and Sutskever, Ilya and Salakhutdinov, Ruslan},
    year = {2012},
    month = {Jul.},
}

@article{hiby_computer_1990,
    title = {{Computer} aided matching of natural markings: a prototype system for grey seals},
	volume = {1},
	pages = {3--17},
	number = {{Special 12}},
	journal = {Rep.s of the Int. Whaling Commission},
	author = {Hiby, Lex and Lovell, Phil},
    year = {1990},
    month = {May},
}

@article{saxe_exact_2013,
    title = {{Exact} solutions to the nonlinear dynamics of learning in deep linear neural networks},
	volume = {abs/1312.6120},
	pages = {1--22},
	journal = {{CoRR}},
	author = {Saxe, Andrew M. and {McClelland}, James L. and Ganguli, Surya},
    year = {2013},
    month = {Dec.},
}

@article{simonyan_very_2014,
    title = {{Very} deep convolutional networks for large-scale image recognition},
	volume = {abs/1409.1556},
	pages = {1--14},
	journal = {{CoRR}},
	author = {Simonyan, Karen and Zisserman, Andrew},
    year = {2014},
    month = {Sep.},
}

@article{springenberg_striving_2014,
    title = {{Striving} for simplicity: {The} all convolutional net},
	volume = {abs/1412.6806},
	pages = {1--14},
	journal = {{CoRR}},
	author = {Springenberg, Jost Tobias and Dosovitskiy, Alexey and Brox, Thomas and Riedmiller, Martin A.},
    year = {2014},
    month = {Dec.},
}

@incollection{macedo_ecology_2010,
	address = {Burlington, {MA}},
	chapter = {7},
    title = {{Ecology,} {Social} {Behavior,} and {Conservation} in {Zebras}},
	volume = {42},
	series = {Advances in the Study of Behavior},
	pages = {231 -- 258},
    booktitle = {{Behavioral} ecology of tropical animals},
	publisher = {Elsevier},
	author = {Rubenstein, Daniel I.},
	editor = {Macedo, Regina},
    year = {2010},
}

@incollection{rubenstein_ecology_1994,
	address = {Kyoto, Japan},
	chapter = {1},
    title = {{The} {Ecology} of {Female} {Social} {Behavior} in {Horses,} {Zebras,} and {Asses}},
	pages = {13--28},
    booktitle = {{Animal} {Societies:} {Individuals,} {Interactions,} and {Organization}},
	publisher = {Kyoto Univ.},
	author = {Rubenstein, Daniel I.},
	editor = {Jarman, P. J. and Rossiter, A.},
    year = {1994},
}

@incollection{oconnell_abundance_2011,
	address = {New York, {NY}},
	chapter = {6},
    title = {{Abundance,} {Density} and {Relative} {Abundance:} {A} {Conceptual} {Framework}},
	pages = {71--96},
    booktitle = {{Camera} {Traps} in {Animal} {Ecology}},
	publisher = {Springer},
	author = {O'Brien, Timothy G.},
	editor = {O'Connell, Allan F. and Nichols, James D. and Karanth, K. Ullas},
    year = {2011},
}

@incollection{karanth_estimating_2012,
	address = {Himayatnagar, Hyderabad, India},
	chapter = {10},
    title = {{Estimating} {Abundance} and {Other} {Demographic} {Parameters} in {Elephant} {Populations} {Using} {Capture–Recapture} {Sampling:} {Field} {Practices}},
	pages = {172--213},
    booktitle = {{Monitoring} {Elephant} {Populations} and {Assessing} {Threats:} {A} {Manual} for {Researchers,} {Managers} and {Conservationists}},
	publisher = {Univ. Press},
	author = {Karanth, K. Ullas and Kumar, N. Samba and Goswami, Varun R. and Nichols, James D. and Hedges, Simon},
	editor = {Hedges, Simon},
    year = {2012},
}

@incollection{sui_citizen_2013,
	address = {Berlin, Germany},
	chapter = {7},
    title = {{Citizen} {Science} and {Volunteered} {Geographic} {Information:} {Overview} and {Typology} of {Participation}},
	pages = {105--122},
    booktitle = {{Crowdsourcing} {Geographic} {Knowledge:} {Volunteered} {Geographic} {Information} ({VGI}) in {Theory} and {Practice}},
	publisher = {Springer},
	author = {Haklay, Muki},
	editor = {Sui, Daniel and Elwood, Sarah and Goodchild, Michael},
    year = {2013},
}

@incollection{hack_status_2002,
	address = {Cambridge, {UK}},
	chapter = {4},
    title = {{Status} and {Action} {Plan} for the {Plains} {Zebra} {(Equus} burchellii)},
	pages = {43--60},
    booktitle = {{Equids:} {Zebras,} {Asses,} and {Horses} : {Status} {Survey} and {Conservation} {Action} {Plan}},
	publisher = {{IUCN}},
	author = {Hack, Mace A. and East, Rod and Rubenstein, Dan I.},
	editor = {Moehlman, Patricia D.},
    year = {2002},
}

@incollection{fitzgibbon_antipredator_1995,
	address = {Chicago, {IL}},
	chapter = {13},
    title = {{Antipredator} {Behavior} of {Serengeti} {Ungulates:} {Individual} {Differences} and {Population} {Consequences}},
	volume = {2},
	pages = {274--296},
    booktitle = {{Serengeti} {II}: {Dynamics,} {Management,} and {Conservation} of an {Ecosystem}},
	publisher = {Univ. of Chicago Press},
	author = {{FitzGibbon}, Clare D. and Lazarus, John},
	editor = {{FitzGibbon}, Clare D. and Lazarus, John},
    year = {1995},
}

@techreport{patrick_demographic_2003,
	address = {Nairobi, Kenya},
    title = {{Demographic} {Status} of the {Meru} {Elephant} {Population}},
	institution = {Kenya Wildlife Service},
	type = {unpublished},
	author = {Patrick, Ogola O},
    year = {2003},
}

@phdthesis{ginsberg_social_1988,
	address = {Princeton, {NJ}},
    title = {{Social} organization and mating strategies of an arid adapted equid: the {Grevy's} zebra},
	school = {Dept. Ecol. and Evol. Bio., Princeton Univ.},
	type = {Ph.D. dissertation},
	author = {Ginsberg, Joshua Ross},
    year = {1988},
    month = {Jan.},
}

@phdthesis{kivai_feeding_2006,
	address = {Addis Ababa, Ethiopia},
    title = {{Feeding} ecology and diurnal activity pattern of the {Grevy's} zebra {(Equus} grevyi, {Oustalet,} 1882) in {Samburu} community lands, {Kenya}},
	school = {Dept. Bio., Addis Ababa Univ.},
	type = {M.S. thesis},
	author = {Kivai, Stanislaus Mulu},
    year = {2006},
    month = {Jun.},
}

@techreport{mech_critique_2002,
	address = {Jamestown, {ND}},
    title = {{A} {Critique} of {Wildlife} {Radio-tracking} and {Its} {Use} in {National} {Parks:} {A} {Report} to the {U.S.} {National} {Park} {Service}},
	institution = {U.S. Geological Survey, Northern Prairie Wildlife Research Center, Jamestown, {ND}},
	type = {Tech. Rep.},
	author = {Mech, L.D. and Barber, S.M.},
    year = {2002},
}

@inproceedings{yosinski_how_2014,
	address = {Montr{\'u}al, Qu{\'u}bec, Canada},
    title = {{How} transferable are features in deep neural networks?},
	series = {{NIPS} '14},
	pages = {3320--3328},
    booktitle = {{Adv.} in {Neural} {Inform.} {Process.} {Syst.} 27},
	author = {Yosinski, Jason and Clune, Jeff and Bengio, Yoshua and Lipson, Hod},
	editor = {Ghahramani, Z. and Welling, M. and Cortes, C. and Lawrence, N. D. and Weinberger, K. Q.},
    year = {2014},
    month = {Dec.},
}

@inproceedings{oquab_learning_2014,
	address = {Columbus, {OH}},
    title = {{Learning} and transferring mid-level image representations using convolutional neural networks},
	doi = {10.1109/CVPR.2014.222},
	series = {{CVPR} '14},
	pages = {1717--1724},
    booktitle = {{Proc.} 2014 {IEEE} {Conf.} {Comput.} {Vis.} and {Pattern} {Recog.}},
	author = {Oquab, Maxime and Bottou, Leon and Laptev, Ivan and Sivic, Josef},
    year = {2014},
    month = {Jun.},
}

@inproceedings{nair_rectified_2010,
	address = {Haifa, Israel},
    title = {{Rectified} linear units improve restricted boltzmann machines},
	series = {{ICML} '10},
	pages = {807--814},
    booktitle = {{Proc.} 27th {Int.} {Conf.} {Mach.} {Learn.}},
	author = {Nair, Vinod and Hinton, Geoffrey E.},
    year = {2010},
    month = {Jun.},
}

@inproceedings{lee_convolutional_2009,
	address = {Montr{\'u}al, Qu{\'u}bec, Canada},
    title = {{Convolutional} {Deep} {Belief} {Networks} for scalable unsupervised learning of hierarchical representations},
	doi = {10.1145/1553374.1553453},
	series = {{ICML} '09},
	pages = {609--616},
    booktitle = {{Proc.} 26th {Int.} {Conf.} {Mach.} {Learn.}},
	author = {Lee, Honglak and Grosse, Roger and Ranganath, Rajesh and Ng, Andrew Y.},
    year = {2009},
    month = {Jun.},
}

@inproceedings{krizhevsky_imagenet_2012,
	address = {Lake Taho, {NV}},
    title = {{ImageNet} classification with deep convolutional neural networks},
	series = {{NIPS} '12},
	pages = {1097--1105},
    booktitle = {{Adv.} in {Neural} {Inform.} {Process.} {Syst.} 25},
	author = {Krizhevsky, Alex and Sutskever, Ilya and Hinton, Geoffrey E.},
	editor = {Pereira, F. and Burges, C. J. C. and Bottou, L. and Weinberger, K. Q.},
    year = {2012},
    month = {Dec.},
}

@inproceedings{lahiri_biometric_2011,
	address = {Trento, Italy},
    title = {{Biometric} animal databases from field photographs: {Identification} of individual zebra in the wild},
	volume = {6},
	doi = {10.1145/1991996.1992002},
	series = {{ICMR} '11},
	pages = {1--8},
    booktitle = {{Proc.} 1st {ACM} {Int.} {Conf.} {Multimedia} {Retrieval}},
	author = {Lahiri, Mayank and Tantipathananandh, Chayant and Warungu, Rosemary and Rubenstein, Daniel I. and Berger-Wolf, Tanya Y.},
    year = {2011},
    month = {Apr.},
}

@inproceedings{hecht-nielsen_theory_1989,
	address = {Washington, {DC}},
    title = {{Theory} of the backpropagation neural network},
	doi = {10.1109/IJCNN.1989.118638},
	series = {{IJCNN} '89},
	pages = {593--605},
    booktitle = {{Proc.} 2009 {Int.} {Joint} {Conf.} {Neural} {Netw.}},
	author = {Hecht-Nielsen, R.},
    year = {1989},
    month = {Jun.},
}

@inproceedings{haklay_geographical_2010,
	address = {Zurich, Switzerland},
    title = {{Geographical} citizen science - {Clash} of cultures and new opportunities},
	doi = {10.1007/978-94-007-4587-2},
	series = {{GIScience} '10},
	pages = {105--122},
    booktitle = {{Workshop} the {Role} of {Volunteered} {Geographic} {Inform.} in {Adv.} {Sci.}},
	author = {Haklay, M.},
    year = {2010},
    month = {Sep.},
}

@inproceedings{goodfellow_maxout_2013,
	address = {Atlanta, {GA}},
    title = {{Maxout} networks},
	series = {{ICML} '13},
	pages = {1319--1327},
    booktitle = {{Proc.} 30th {Int.} {Conf.} {Mach.} {Learn.}},
	author = {Goodfellow, Ian and Warde-Farley, David and Mirza, Mehdi and Courville, Aaron and Bengio, Yoshua},
    year = {2013},
    month = {Jun.},
}

@inproceedings{gall_class-specific_2009,
	address = {Miami, {FL}},
    title = {{Class-specific} {Hough} forests for object detection},
	doi = {10.1109/CVPR.2009.5206740},
	series = {{CVPR} '09},
	pages = {1022--1029},
    booktitle = {{Proc.} 2009 {IEEE} {Conf.} {Comput.} {Vis.} and {Pattern} {Recog.}},
	author = {Gall, J. and Lempitsky, V.},
    year = {2009},
    month = {Jun.},
}

@inproceedings{fahlman_cascade-correlation_1990,
	address = {Denver, {CO}},
    title = {{The} cascade-correlation learning architecture},
	series = {{NIPS} '90},
	pages = {524--532},
    booktitle = {{Adv.} in {Neural} {Inform.} {Process.} {Syst.} 2},
	author = {Fahlman, Scott E. and Lebiere, Christian},
    year = {1990},
    month = {Dec.},
}

@inproceedings{dahl_improving_2013,
	address = {Vancouver, British Columbia, Canada},
    title = {{Improving} deep neural networks for {LVCSR} using rectified linear units and dropout},
	doi = {10.1109/ICASSP.2013.6639346},
	series = {{ICASSP} '13},
	pages = {8609--8613},
    booktitle = {{Proc.} 2013 {IEEE} {Int.} {Conf.} {Acoust.,} {Speech} and {Signal} {Process.}},
	author = {Dahl, G.E. and Sainath, T.N. and Hinton, G.E.},
    year = {2013},
    month = {May},
}

@inproceedings{crall_hotspotter_2013,
	address = {Tampa, {FL}},
    title = {{HotSpotter} - {Patterned} species instance recognition},
	doi = {10.1109/WACV.2013.6475023},
	series = {{WACV} '13},
	pages = {230--237},
    booktitle = {{Proc.} 2013 {IEEE} {Workshop} {Applicat.} of {Comput.} {Vis.}},
	author = {Crall, J.P. and Stewart, C.V. and Berger-Wolf, T.Y. and Rubenstein, D.I. and Sundaresan, S.R.},
    year = {2013},
    month = {Jan.},
}

@inproceedings{bengio_advances_2013,
	address = {Vancouver, British Columbia, Canada},
    title = {{Advances} in optimizing recurrent networks},
	doi = {10.1109/ICASSP.2013.6639349},
	series = {{ICASSP} '13},
	pages = {8624--8628},
    booktitle = {{Proc.} 2013 {IEEE} {Int.} {Conf.} {Acoust.,} {Speech} and {Signal} {Process.}},
	author = {Bengio, Y. and Boulanger-Lewandowski, N. and Pascanu, R.},
    year = {2013},
    month = {May},
}

@inproceedings{glorot_deep_2011,
	address = {Ft. Lauderdale, {FL}},
    title = {{Deep} sparse rectifier neural networks},
	series = {{AISTATS} '11},
	pages = {315--323},
    booktitle = {{Proc.} 14th {Int.} {Conf.} {Artificial} {Intell.} and {Stat.}},
	author = {Glorot, Xavier and Bordes, Antoine and Bengio, Yoshua},
    year = {2011},
    month = {Apr.},
}

@inproceedings{muja_fast_2009,
	address = {Lisboa, Portugal},
    title = {{Fast} approximate nearest neighbors with automatic algorithm configuration},
	series = {{VISAPP} '09},
	pages = {331--340},
    booktitle = {{Int.} {Conf.} {Comput.} {Vis.} {Theory} and {Applicat.}},
	author = {Muja, Marius and Lowe, David G.},
    year = {2009},
    month = {Feb.},
}

@inproceedings{juang_energy-efficient_2002,
	address = {San Jose, {CA}},
    title = {{Energy-efficient} computing for wildlife tracking: {Design} tradeoffs and early experiences with {ZebraNet}},
	doi = {10.1145/605397.605408},
	series = {{ASPLOS} X},
	pages = {96--107},
    booktitle = {{Proc.} 10th {Int.} {Conf.} {Arch.} {Sup.} {Prog.} {Lang.} and {Operating} {Syst.}},
	author = {Juang, Philo and Oki, Hidekazu and Wang, Yong and Martonosi, Margaret and Peh, Li Shiuan and Rubenstein, Daniel},
    year = {2002},
    month = {Oct.},
}

@article{hiby_analysis_2013,
    title = {{Analysis} of photo-id data allowing for missed matches and individuals identified from opposite sides},
	volume = {4},
	doi = {10.1111/2041-210x.12008},
	pages = {252--259},
	number = {3},
	journal = {Methods in Ecol. and Evolution},
	author = {Hiby, Lex and Paterson, William D. and Redman, Paula and Watkins, John and Twiss, Sean D. and Pomeroy, Patrick},
    year = {2013},
    month = {Mar.},
}

@article{sermanet_overfeat:_2013,
    title = {{OverFeat}: {Integrated} recognition, localization and detection using convolutional networks},
	volume = {abs/1312.6229},
	pages = {1--16},
	journal = {{CoRR}},
	author = {Sermanet, Pierre and Eigen, David and Zhang, Xiang and Mathieu, Michaël and Fergus, Rob and {LeCun}, Yann},
    year = {2013},
    month = {Dec.},
}

@article{subedi_population_2013,
    title = {{Population} status, structure and distribution of the greater one-horned rhinoceros {Rhinoceros} unicornis in {Nepal}},
	volume = {47},
	doi = {10.1017/S0030605313000562},
	pages = {352--360},
	number = {3},
	journal = {Oryx},
	author = {Subedi, Naresh and Jnawali, Shant Raj and Dhakal, Maheshwar and Pradhan, Narendra M.B. and Lamichhane, Babu Ram and Malla, Sabita and Amin, Rajan and Jhala, Yadvendradev V.},
    year = {2013},
    month = {Jul.},
}

@article{romer_population_2015,
    title = {{Population} viability analysis of feral raccoon dog {(Nyctereutes} procyonoides) in {Denmark}},
	volume = {67},
	doi = {10.2298/ABS140905012R},
	pages = {111--117},
	number = {1},
	journal = {Archives of Biological Sci.s},
	author = {R{\o}mer, Anna Elisabeth and N{\o}rgaard, Louise Solveig and Mikkelsen, Dorthe Malene Götz and Chri{\'u}l, Mariann and Elmerose, Morten and Madsen, Aksel Bo and Pertoldi, Cino and Hammer Jensen, Trine},
    year = {2015},
    month = {Jan.},
}

@article{ogutu_changing_2013,
    title = {{Changing} wildlife populations in {Nairobi} {National} {Park} and adjoining {Athi-Kaputiei} {Plains:} collapse of the migratory wildebeest},
	volume = {7},
	pages = {11--26},
	number = {1},
	journal = {Open Conservation Bio. J.},
	author = {Ogutu, Joseph O and Owen-Smith, Norman and Piepho, Hans-Peter and Said, Mohammed Y and Kifugo, Shem C and Reid, Robin S and Gichohi, Helen and Kahumbu, Paula and Andanje, Samule},
    year = {2013},
    month = {Jul.},
}

@article{bastien_theano:_2012,
    title = {{Theano:} new features and speed improvements},
	volume = {abs/1211.5590},
	pages = {1--10},
	journal = {{CoRR}},
	author = {Bastien, Fr{\'u}d{\'u}ric and Lamblin, Pascal and Pascanu, Razvan and Bergstra, James and Goodfellow, Ian J. and Bergeron, Arnaud and Bouchard, Nicolas and Warde-Farley, David and Bengio, Yoshua},
    year = {2012},
    month = {Nov.},
}

@article{szegedy_going_2014,
    title = {{Going} deeper with convolutions},
	volume = {abs/1409.4842},
	pages = {1--12},
	journal = {{CoRR}},
	author = {Szegedy, Christian and Liu, Wei and Jia, Yangqing and Sermanet, Pierre and Reed, Scott and Anguelov, Dragomir and Erhan, Dumitru and Vanhoucke, Vincent and Rabinovich, Andrew},
    year = {2014},
    month = {Sep.},
}

@inproceedings{bergstra_theano:_2010,
	address = {Austin, {TX}},
    title = {{Theano:} a {CPU} and {GPU} math expression compiler},
	volume = {4},
	series = {{SciPy} '10},
	pages = {3--10},
    booktitle = {{Proc.} {Python} for {Scientific} {Comput.} {Conf.}},
	author = {Bergstra, James and Breuleux, Olivier and Bastien, Fr{\'u}d{\'u}ric and Lamblin, Pascal and Pascanu, Razvan and Desjardins, Guillaume and Turian, Joseph and Warde-Farley, David and Bengio, Yoshua},
    year = {2010},
    month = {Jun.},
}

@inproceedings{jia_caffe:_2014,
	address = {Orlando, {FL}},
    title = {{Caffe:} {Convolutional} {Architecture} for {Fast} {Feature} {Embedding}},
	doi = {10.1145/2647868.2654889},
	series = {{ACMMM} '14},
	pages = {675--678},
    booktitle = {{Proc.} 2014 {ACM} {Int.} {Conf.} {Multimedia}},
	author = {Jia, Yangqing and Shelhamer, Evan and Donahue, Jeff and Karayev, Sergey and Long, Jonathan and Girshick, Ross and Guadarrama, Sergio and Darrell, Trevor},
    year = {2014},
    month = {Nov.},
}

@article{russakovsky_imagenet_2015,
    title = {{ImageNet} {Large} {Scale} {Visual} {Recognition} {Challenge}},
	volume = {112},
	doi = {10.1007/s11263-015-0816-y},
	pages = {1--42},
	number = {2},
	journal = {Int. J. Comput. Vis.},
	author = {Russakovsky, O. and {Deng \textit{et al.}}, J.},
    year = {2015},
    month = {Apr.},
}

@software{dieleman_lasagne:_2015,
    title = {{Lasagne:} {First} release.},
	url = {github.com/Lasagne/Lasagne [Accessed: 1 Nov. 2015].},
	author = {Dieleman, Sander and Schl{\"u}ter, Jan and Raffel, Colin and Olson, Eben and S{\o}nderby, S{\o}ren Kaae and Nouri, Daniel and Maturana, Daniel and Thoma, Martin and Battenberg, Eric and Kelly, Jack and Fauw, Jeffrey De and Heilman, Michael and diogo149 and {McFee}, Brian and Weideman, Hendrik and takacsg84 and peterderivaz and Jon and instagibbs and Rasul, Dr Kashif and {CongLiu} and Britefury and Degrave, Jonas},
    year = {2015},
    month = {Aug.},
}